@article{CBRS,
    author={Pasquale Lops, Marco de Gemmis, Giovanni Semarero},
    title={Content-based Recommender Systems: State of the Art and Trends},
    journal={Recommender Systems Handbook},
    year={2010},
    pages={73-100},
} 

@article{NBRM,
    author={Christiand Desrosiersm George Karypis},
    title={A Comprehensive Survey of Neighborhood-based Recommendation Methods},
    journal={Recommender Systems Handbook},
    year={2010},
    pages={101-140},
} 

@article{EVAL,
    author={Guy Shani, Asela Gunawardana},
    title={Evaluating recommender systems},
    journal={Recommender Systems Handbook},
    year={2010},
    pages={257-298},
} 

@article{TRUST,
    author={Patricia Victor, Martine De Cock, Chris Cornelis},
    title={Trust and Recommendations},
    journal={Recommender Systems Handbook},
    year={2010},
    pages={645-676},
} 

@article{ROBUST,
    author={Robin Burke, Michael P. O'Mahony, Neil J. Hurley},
    title={Robust Collaborative Recommendation},
    journal={Recommender Systems Handbook},
    year={2010},
    pages={805-836},
} 

@inproceedings{PvzKonfLt,
    author={A. Pavardenis and B. Pavardonis and C. Pavardauskas and D. Pavardinskas},
    title={Straipsnio pavadinimas},
    booktitle={Rinkinio pavadinimas},
    year={2002},
    publisher={Leidykla},
    address={Miestas, šalis},
    pages={101-140}
}

@inproceedings{PvzKonfEn,
    author={A. Surname and B. Tsurname and C. Usurname and D. Vsurname},
    title={Article title},
    booktitle={Conference book title},
    year={2002},
    publisher={Publisher},
    address={City, country},
    pages={3-15},
    langid={english},
}

@book{PvzKnygLt,  
    author={A. Pavardenis and B. Pavardonis and C. Pavardauskas},
    title={Knygos pavadinimas},
    publisher={Leidykla},
    year={2003},
    address={Miestas, šalis},
    note={172 psl.},
}

@book{PvzKnygEn,  
    author={A. Surname and B. Tsurname and C. Usurname},
    title={Book title},
    publisher={Publisher},
    year={2003},
    address={City, country},
    note={172 p.},
    langid={english},
}

@misc{PvzElPubLt,
    author={A. Pavardenis and B. Pavardonis and C. Pavardauskas},
    title={Elektroninės publikacijos pavadinimas},
    howpublished={\url{http://example.com/kelias/iki/straipsnio.pdf}},
    year={2004}, 
    note={45 KB, tikrinta 2015-02-01},
}

@misc{PvzElPubEn,
    author={A. Surname and B. Tsurname and C. Usurname},
    title={Online Publication Title},
    howpublished={\url{http://example.com/path/to/the/article.pdf}},
    year={2004}, 
    note={45 KB, accessed 2015-02-01.},
    langid={english},
}

@mastersthesis{PvzMagistrLt,
    author={A. Pavardonis},
    title={Magistrinio darbo pavadinimas},
    school={Universiteto pavadinimas},
    year={2005},
}

@phdthesis{PvzPhdEn,
    author={A. Surname},
    title={Ttitle fo PhD thesis},
    school={Title of university},
    year={2005},
    langid={english},
}
